@Article{article,
Title = {Article title},
Title:fr = {Titre de l'article},
Author = {First Last}
# { and First Middle Last}
# { and Last, First-Combined}
# { and First van Last}
# { and van Last, First Middle}
# { and Last, Junior, First Middle}
# { and van Last, Junior III, First Middle}
# { and De La, Last, Junior III, First Middle},
Journal = {Journal name},
Year = {YYYY},
Note = {note...},
Number = {number},
Pages = {ff--tt},
Subtitle = {Subtitle},
Type = {Special Issue},
Volume = {volume},
Month = {MM-ignored!},
Day = {DD-ignored!},
Abstract = {Abstract...},
Warning = {Notice that Comment= also exists},
Comment = {Comment...},
XCrossref = {crossref},
Doi = {doi-specification},
Keywords = {keyword1; keyword2; keyword3},
Language = {english},
Review = {Review...},
Url = {url}
}